<?xml version="1.0" encoding="UTF-8"?><record xmlns="http://www.loc.gov/MARC21/slim" xmlns:cinclude="http://apache.org/cocoon/include/1.0" xmlns:zs="http://www.loc.gov/zing/srw/">
  <leader>02028cz  a2200301n  4500</leader>
  <controlfield tag="001">n 2007202486</controlfield>
  <controlfield tag="003">DLC</controlfield>
  <controlfield tag="005">20160407075302.0</controlfield>
  <controlfield tag="008">071226n| azannaabn          |a ana      </controlfield>
  <datafield tag="010" ind1=" " ind2=" ">
    <subfield code="a">n 2007202486</subfield>
  </datafield>
  <datafield tag="035" ind1=" " ind2=" ">
    <subfield code="a">(OCoLC)oca07616195</subfield>
  </datafield>
  <datafield tag="040" ind1=" " ind2=" ">
    <subfield code="a">DLC</subfield>
    <subfield code="b">eng</subfield>
    <subfield code="e">rda</subfield>
    <subfield code="c">DLC</subfield>
    <subfield code="d">DLC</subfield>
    <subfield code="d">HU</subfield>
  </datafield>
  <datafield tag="110" ind1="1" ind2=" ">
    <subfield code="a">Thailand.</subfield>
    <subfield code="b">Samnakngān Sinlapākō̜n Thī 8 Chīang Mai</subfield>
  </datafield>
  <datafield tag="368" ind1=" " ind2=" ">
    <subfield code="a">Government body</subfield>
  </datafield>
  <datafield tag="370" ind1=" " ind2=" ">
    <subfield code="c">Thailand</subfield>
    <subfield code="2">naf</subfield>
  </datafield>
  <datafield tag="377" ind1=" " ind2=" ">
    <subfield code="a">tha</subfield>
  </datafield>
  <datafield tag="410" ind1="2" ind2=" ">
    <subfield code="a">Samnak Sinlapākō̜n Thī 8 Chīang Mai</subfield>
  </datafield>
  <datafield tag="410" ind1="2" ind2=" ">
    <subfield code="a">Samnakngān Sinlapākō̜n Thī 8 Chīang Mai</subfield>
  </datafield>
  <datafield tag="410" ind1="1" ind2=" ">
    <subfield code="a">Thailand.</subfield>
    <subfield code="b">Krom Sinlapākō̜n.</subfield>
    <subfield code="b">Samnakngān Sinlapākō̜n Thī 8 Chīang Mai</subfield>
  </datafield>
  <datafield tag="410" ind1="1" ind2=" ">
    <subfield code="a">Thailand.</subfield>
    <subfield code="b">Samnak Bōrānnakhadī.</subfield>
    <subfield code="b">Samnakngān Sinlapākō̜n Thī 8 Chīang Mai</subfield>
  </datafield>
  <datafield tag="410" ind1="1" ind2=" ">
    <subfield code="a">Thailand.</subfield>
    <subfield code="b">Samnak Sinlapākō̜n Thī 8 Chīang Mai</subfield>
  </datafield>
  <datafield tag="510" ind1="1" ind2=" ">
    <subfield code="w">r</subfield>
    <subfield code="i">Hierarchical superior:</subfield>
    <subfield code="a">Thailand.</subfield>
    <subfield code="b">Krom Sinlapākō̜n</subfield>
  </datafield>
  <datafield tag="510" ind1="1" ind2=" ">
    <subfield code="w">r</subfield>
    <subfield code="i">Hierarchical superior:</subfield>
    <subfield code="a">Thailand.</subfield>
    <subfield code="b">Samnak Bōrānnakhadī</subfield>
  </datafield>
  <datafield tag="510" ind1="2" ind2=" ">
    <subfield code="w">r</subfield>
    <subfield code="i">Predecessor:</subfield>
    <subfield code="a">Samnakngān Bōrānnakhadī læ Phiphitthaphanthasathān hǣng Chāt thī 6 Chīang Mai</subfield>
  </datafield>
  <datafield tag="670" ind1=" " ind2=" ">
    <subfield code="a">Bōrānnakhadī sām thotsawat thī Wīang Kum Kām, 2005:</subfield>
    <subfield code="b">t.p. (Samnakngān Sinlapākō̜n Thī 8 Chīang Mai, Samnak Bōrānnakhadī, Krom Sinlapākō̜n)</subfield>
  </datafield>
  <datafield tag="670" ind1=" " ind2=" ">
    <subfield code="a">Phang ʻongkō̜n kānčhat sūan rātchakān Krom Sinlapākō̜n Dec. 26, 2007</subfield>
    <subfield code="b">(Samnakngān Bōrānnakhadī læ Phiphitthaphanthasathān hǣng Chāt thī 6 Chīang Mai changed to Samnakngān Sinlapākō̜n Thī 8 Chīang Mai)</subfield>
    <subfield code="u">http://203.153.176.79/th/Personal/organization.htm</subfield>
  </datafield>
  <datafield tag="670" ind1=" " ind2=" ">
    <subfield code="a">Nāmmasongkhro̜ sūan rātchakān Thai, 2010: p. 560 (Samnak Sinlapākō̜n Thī 8 Chīang Mai under Krom Sinlapākō̜n)</subfield>
  </datafield>
  <datafield tag="670" ind1=" " ind2=" ">
    <subfield code="a">Bōrānnakhadī Lānnā, 1997-: v. 1, t.p. (Samnakngān Bōrannakhadī læ Phiphitthaphanthasathān hǣng Chāt thī 6 Chīang Mai, Samnak Bōrānnakhadī læ Phiphitthaphanthasathān hǣng Chāt, Krom Sinlapākō̜n)</subfield>
  </datafield>
</record>